75600000         200000000000000                    01111800000002222240COMPANY CO.                   SICOOB                                  12709202003371000000108100000                                                                     
75600011R01  040 2000000000000000                    0111180000000222224 COMPANY CO.                                                                                                   000000012709202000000000                                 
7560001300001P 010111180000000222224 000000001601014     10 220000000000000012709202000000000001000000000 02A27092020000000000000000000000000000000000000000000000000000000000000000000000000000000                         3000   090000000000 
7560001300002Q 011000099999999999CLIENTE                                 RUA UM, 123                             BAIRRO         99999999CIDADE         UF0000000000000000                                        000                            
7560001300003R 01000000000000000000000000000000000000000000000000000000000000000000000000                                                                                                              0000000000000000 000000000000  0         
75600015         00000500000100000000000010000000000000000000000000000000000000000000000000000000000000000000000000                                                                                                                             
75699999         000001000007000000                                                                                                                                                                                                             